<collection xmlns="http://www.loc.gov/MARC21/slim">
<record>
  <leader>01439nam0a2200277 i 450 </leader>
  <controlfield tag="001">IT\ICCU\CNCE\038594</controlfield>
  <controlfield tag="005">20150617000000.0</controlfield>
  <datafield tag="012" ind1=" " ind2=" ">
    <subfield code="a">o.l- ar,e e,il i-e- (C) 1595 (A)</subfield>
    <subfield code="2">fei</subfield>
  </datafield>
  <datafield tag="100" ind1=" " ind2=" ">
    <subfield code="a">19981030d1595        0itac0103    ba</subfield>
  </datafield>
  <datafield tag="101" ind1=" " ind2=" ">
    <subfield code="a">ITA</subfield>
  </datafield>
  <datafield tag="102" ind1=" " ind2=" ">
    <subfield code="a">IT</subfield>
  </datafield>
  <datafield tag="200" ind1="1" ind2=" ">
    <subfield code="a">Discorsi spirituali raccolti da diuersi autori vtilissimi al viuere christiano. Con vna epistola della virt ̮&amp; bellezza di Christo di Lentulo mandata a Tiberio cesare imperatore. Dati in luce nouamente dal magnifico Agnelo di Rinaldo napolitano</subfield>
  </datafield>
  <datafield tag="210" ind1=" " ind2=" ">
    <subfield code="a">Stampati in Genoua</subfield>
    <subfield code="d">in Lucca</subfield>
    <subfield code="d">in Perugia</subfield>
    <subfield code="d">in Milano</subfield>
    <subfield code="d">et ristampati in Verona</subfield>
    <subfield code="c">per Pietro Diserolo</subfield>
    <subfield code="d">1595</subfield>
  </datafield>
  <datafield tag="215" ind1=" " ind2=" ">
    <subfield code="a">\4! c.</subfield>
    <subfield code="d">8ʻ</subfield>
  </datafield>
  <datafield tag="423" ind1=" " ind2="0">
    <subfield code="1">001IT\ICCU\CNCE\060645</subfield>
    <subfield code="1">2001 </subfield>
    <subfield code="a">Epistola della virtAu &amp; bellezza di Christo di Lentulo</subfield>
  </datafield>
  <datafield tag="620" ind1=" " ind2=" ">
    <subfield code="a">IT</subfield>
    <subfield code="d">Verona</subfield>
  </datafield>
  <datafield tag="702" ind1=" " ind2="1">
    <subfield code="a">Rinaldi,</subfield>
    <subfield code="b">Angelo</subfield>
    <subfield code="c"> &lt;napoletano&gt;</subfield>
    <subfield code="3">IT\ICCU\CNCA\004481</subfield>
  </datafield>
  <datafield tag="702" ind1=" " ind2="0">
    <subfield code="a">Ln̈tulo</subfield>
    <subfield code="3">IT\ICCU\CNCA\015944</subfield>
  </datafield>
  <datafield tag="712" ind1="0" ind2="0">
    <subfield code="a">Diserolo, Pietro</subfield>
    <subfield code="3">IT\ICCU\CNCT\000538</subfield>
    <subfield code="4">650</subfield>
  </datafield>
  <datafield tag="790" ind1=" " ind2="1">
    <subfield code="a">Di_Rinaldo,</subfield>
    <subfield code="b">Angelo</subfield>
    <subfield code="3">IT\ICCU\CNCA\004865</subfield>
    <subfield code="z">Rinaldi, Angelo &lt;napoletano&gt;</subfield>
  </datafield>
  <datafield tag="790" ind1=" " ind2="0">
    <subfield code="a">Angelo</subfield>
    <subfield code="c"> : di#Rinaldo</subfield>
    <subfield code="3">IT\ICCU\CNCA\020645</subfield>
    <subfield code="z">Rinaldi, Angelo &lt;napoletano&gt;</subfield>
  </datafield>
  <datafield tag="790" ind1=" " ind2="1">
    <subfield code="a">Lentulus,</subfield>
    <subfield code="b">Publius</subfield>
    <subfield code="3">IT\ICCU\CNCA\018662</subfield>
    <subfield code="z">Ln̈tulo</subfield>
  </datafield>
  <datafield tag="791" ind1="0" ind2="0">
    <subfield code="a">Diserolus, Petrus</subfield>
    <subfield code="3">IT\ICCU\CNCT\004704</subfield>
    <subfield code="z">Diserolo, Pietro</subfield>
  </datafield>
  <datafield tag="791" ind1="0" ind2="0">
    <subfield code="a">Disarolo, Pietro</subfield>
    <subfield code="3">IT\ICCU\CNCT\004705</subfield>
    <subfield code="z">Diserolo, Pietro</subfield>
  </datafield>
  <datafield tag="801" ind1=" " ind2="3">
    <subfield code="a">IT</subfield>
    <subfield code="b">ICCU</subfield>
    <subfield code="c">20201114</subfield>
  </datafield>
  <datafield tag="899" ind1=" " ind2=" ">
    <subfield code="a">Biblioteca Estense Universitaria. Modena</subfield>
    <subfield code="1">MO0089</subfield>
    <subfield code="2">MOD BE</subfield>
  </datafield>
</record>
</collection>
